
@ARTICLE{cai,
  author =  {Cai, T.},
  title = {Adaptive wavelet estimation: a block thresholding and oracle inequality approach},
  journal = {The Annals of Statistics},
  volume = {27},
  pages = {2607-2625},
  year = {1999}
}

@ARTICLE{cava1,
  author = {Cavalier, L. and Golubev, G. and Lepski, O. and Tsybakov, A.},
  title = {Block thresholding and sharp adaptive estimation in severely ill-posed inverse problems},
  journal  = {Theory of Probability and Applications},
  volume = {48},
  pages = {426-446},
  year = {2003}
}

@ARTICLE{kola,
 author = {Kolaczyk, E.},
 title =  {A wavelet shrinkage approach to tomographic image reconstruction},
 journal = { Journal of the American Statistical Association},
 volume = {91},
 pages = {1079-1090},
 year = {1996}
}

@ARTICLE{Dinv2,
 author = {Johnstone, I.},
 title = {Wavelet shrinkage for correlated data and inverse problems: adaptivity results},
 journal = {Statistica Sinica},
 volume = {9},
 pages = {51-83},
 year = {1999}
}

@inproceedings{cava2,
    AUTHOR = {Cavalier, L.},
     TITLE = {Inverse Problems in Statistics},
       YEAR = {2011},
  booktitle = {Inverse Problems and High-Dimensional Estimation},
  editor = {Alquier, P. and Gautier, E. and Stoltz, G.},
  publisher = {Springer Lecture Notes in Statistics}
}

@ARTICLE{DJ95,
  title = {Adapting to unknown smoothness via wavelet shrinkage},
  author = {Donoho, D. and Johnstone, I.},
  journal = {Journal of the American Statistical Association},
  year = {1995},
  volume = {90},
  pages = {1200-1224}
}

@ARTICLE{Dinv,
  title = {Nonlinear solution of linear inverse problems by wavelet-vaguelette decomposition},
  author = {Donoho, D.},
  journal = {Applied Computationnal Harmonic Analysis},
  volume = {2},
  year = {1995},
  pages = {101-126}
}

@ARTICLE{DJ94,
  title = {Ideal spatial adaptation via wavelet shrinkage},
  author = {Donoho, D. and Johnstone, I.},
  journal = {Biometrika},
  year = {1994},
  volume = {81},
  pages = {425-455}
}

@ARTICLE{DJKP,
  author = {Donoho, D. and Johnstone, I. and Kerkyacharian, G. and Picard, D.},
  title = {Wavelet shrinkage: asymptotia?},
  journal = {Journal of the Royal Statistical Society B},
  year = {1995},
  volume = {57},
  pages = {301-369}
}

@ARTICLE{Alquier2008a,
  title = {Iterative Feature Selection in Least Square Regression Estimation},
  author = {Alquier, P.},
  journal = {Annales de l'IHP - B (Probablity and Statistics)},
  year = {2008},
  volume = {44},
  number = {1},
  pages = {47-88}
}

@ARTICLE{Alquier2008b,
  title = {LASSO,  Iterative Feature Selection and the Correlation Selector: Oracle Inequalities and Numerical Performances},
  author = {Alquier, P.},
  journal = {Electronic Journal of Statistics},
  year = {2008},
  volume = {2},
  pages = {1129-1152}
}

@ARTICLE{ABM,
  author = {Aubry, J.-M. and Butucea, C. and Meziani, K.},
  title = {State estimation in quantum homodyne tomography with noisy data},
  year = {2009},
  journal = {Inverse Problems},
  volume = {25},
  number = {1}
}

@UNPUBLISHED{Katia,
  author = {Meziani, K.},
  title = {Estimation non-param\'etrique en tomographie quantique homodyne},
  year = {2008},
  note = {PhD thesis, Universit\'e Paris 7 (in English)}
}

@BOOK{Tsybakov1998,
  author = {H\"{a}rdle, W. and Kerkyacharian, G. and Picard, D. and Tsybakov, A.},
  title = {Wavelets, approximation, and statistical applications},
  year = {1998},
  publisher = {Springer}
}


@article{Guta&Artiles,
  Author =	 {Gu{\c{t}}{\u{a}}, M. and Artiles, L.},
  Journal =	 {Math. Methods Statist.},
  Number =	 1,
  Pages =	 {1--15},
  Title =	 {Minimax estimation of the {Wigner}
           in quantum homodyne tomography with ideal detectors},
  Volume =	 16,
  Year =	 2007,
  note= {MR{2319467}},
}


@article {Bagan,
    AUTHOR = {Bagan, E. and Ballester, M. and Gill R. and  Monras, A. and Munoz-Tapia, R.},
     TITLE = {Optimal full estimation of qubit mixed states},
      NOTE = {},
   JOURNAL = {Physical Review},
  FJOURNAL = {Phys. Rev.},
    VOLUME = {A 73},
      YEAR = {2006},
    NUMBER = {032301},
     PAGES = {},
      ISSN = {},
   MRCLASS = {},
  MRNUMBER = {},
MRREVIEWER = {},
}
@article {Zhang,
    AUTHOR = {Zhang, C. and Wang, G. and Ying, M.},
     TITLE = {Discrimination between pure states and mixed states},
      NOTE = {},
   JOURNAL = {Physical Review},
  FJOURNAL = {Phys. Rev.},
    VOLUME = {A 75},
      YEAR = {2007},
    NUMBER = {062306},
     PAGES = {},
      ISSN = {},
   MRCLASS = {},
  MRNUMBER = {},
MRREVIEWER = {},
}

@article {Horodecki,
    AUTHOR = {Horodecki, P.},
     TITLE = {Measuring Quantum Entanglement without Prior State Reconstruction},
      NOTE = {},
   JOURNAL = {Physical Review Letters},
  FJOURNAL = {Phys. Rev. Lett.},
    VOLUME = {90},
      YEAR = {2003},
    NUMBER = {167901},
     PAGES = {},
      ISSN = {},
   MRCLASS = {},
  MRNUMBER = {},
MRREVIEWER = {},
}

@article {Aolita,
    AUTHOR = {Aolita, L.},
     TITLE = {Measuring Multipartite Concurrence with a Single Factorizable Observable},
      NOTE = {},
   JOURNAL = {Physical Review Letters},
  FJOURNAL = {Phys. Rev. Lett.},
    VOLUME = {97},
      YEAR = {2006},
    NUMBER = {050501},
     PAGES = {},
      ISSN = {},
   MRCLASS = {},
  MRNUMBER = {},
MRREVIEWER = {},
}


@article {BickelRitov,
    AUTHOR = {Bickel, P.~J. and Ritov, Y.},
     TITLE = {Estimating integrated squared density derivatives: sharp best order of convergence estimates},
   JOURNAL = {Sankhy\=a (Statistics). The Indian Journal of Statistics. Series A},
  FJOURNAL = {Sankhy\=a (Statistics). The Indian Journal of Statistics. Series A},
    VOLUME = {50},
      YEAR = {1988},
    NUMBER = {3},
     PAGES = {381--393},
      ISSN = {0581-572X},
     CODEN = {SANABS},
   MRCLASS = {62G05 (62G20)},
  MRNUMBER = {MR1065550 (91e:62079)},
}


@article {KerPicard96,
    AUTHOR = {Kerkyacharian, G. and Picard, D.},
     TITLE = {Estimating nonquadratic functionals of a density using {H}aar wavelets},
   JOURNAL = {The Annals of Statistics},
  FJOURNAL = {The Annals of Statistics},
    VOLUME = {24},
      YEAR = {1996},
    NUMBER = {2},
     PAGES = {485--507},
      ISSN = {0090-5364},
     CODEN = {ASTSC7},
   MRCLASS = {62G05 (62G20)},
  MRNUMBER = {MR1394973 (97e:62062)},
MRREVIEWER = {Michael Falk},
}
@article {BirMassart,
    AUTHOR = {Birg\'{e}, L. and Massart, P.},
     TITLE = {Estimation of integral functionals of a density},
   JOURNAL = {The Annals of Statistics},
  FJOURNAL = {The Annals of Statistics},
    VOLUME = {23},
      YEAR = {1995},
    NUMBER = {1},
     PAGES = {11--29},
      ISSN = {0090-5364},
     CODEN = {ASTSC7},
   MRCLASS = {62G05},
  MRNUMBER = {MR1331653 (96c:62065)},
MRREVIEWER = {Margaret P. Gessaman},
}
@article {LepskiNemSpoko,
    AUTHOR = {Lepski, O. and Nemirovski, A. and Spokoiny, V.},
     TITLE = {On estimation of the {$L\sb r$} norm of a regression function},
   JOURNAL = {Probability Theory Related Fields},
  FJOURNAL = {Probab. Theory and Related Fields},
    VOLUME = {113},
      YEAR = {1999},
    NUMBER = {2},
     PAGES = {221--253},
      ISSN = {0178-8051},
     CODEN = {PTRFEU},
   MRCLASS = {62G08 (62G20)},
  MRNUMBER = {MR1670867 (2000d:62062)},
MRREVIEWER = {Margaret P. Gessaman},
}

@article {Butu04good,
    AUTHOR = {Butucea, C.},
     TITLE = {Goodness-of-fit testing and quadratic functional estimation from indirect observations},
   JOURNAL = {The Annals of Statistics},
 FJOURNAL = {The Annals of Statistics},
    VOLUME = {35},
      YEAR = {2007},
    NUMBER = {5},
     PAGES = {1907--1930},
      ISSN = {0090-5364},
     CODEN = {ASTSC7},
   MRCLASS = {62G10 (62G05 62G20)},
  MRNUMBER = {MR2363957},
  note = {MR{2363957}},
}
	

	

@article {Efromovich&low,
    AUTHOR = {Efromovich, S. and Low, M.},
     TITLE = {On optimal adaptive estimation of a quadratic functional},
   JOURNAL = {The Annals of Statistics},
  FJOURNAL = {Ann. Statist.},
    VOLUME = {24},
      YEAR = {1996},
    NUMBER = {3},
     PAGES = {1106--1125},
      ISSN = {0090-5364},
     CODEN = {ASTSC7},
   MRCLASS = {62G05},
  MRNUMBER = {MR1401840 (97k:62078)},
MRREVIEWER = {Sh. A. Khashimov},
}

@Article{Tribouley,
author = {Tribouley, K.},
title = {Adaptive estimation of integrated functionals},
journal = {Mathematical Methods of Statistics},
year = {2000},
OPTkey = {},
OPTvolume = {9},
OPTnumber = {1},
OPTpages = {19--38},
OPTmonth = {},
OPTnote = {},
OPTannote = {}
}

@article {Klemela,
    AUTHOR = {Klemel{\"a}, J.},
     TITLE = {Sharp adaptive estimation of quadratic functionals},
   JOURNAL = {Probability Theory Related Fields},
  FJOURNAL = {Probab. Theory and Related Fields},
    VOLUME = {134},
      YEAR = {2006},
    NUMBER = {4},
     PAGES = {539--564},
      ISSN = {0178-8051},
     CODEN = {PTRFEU},
   MRCLASS = {62G07 (62G20)},
  MRNUMBER = {MR2214904 (2007b:62039)},
MRREVIEWER = {Paul Doukhan},
}

@article {helstromp,
    AUTHOR = {Helstrom, C.~W.},
     TITLE = {Quantum Detection and Estimation Theory},
      NOTE = {},
   JOURNAL = {Journal of Statistical Physics},
  FJOURNAL = {Journal of Statistical Physics},
    VOLUME = {1},
      YEAR = {1969},
    NUMBER = {},
     PAGES = {231--252},
      ISSN = {},
   MRCLASS = {},
  MRNUMBER = {},
MRREVIEWER = {},
}
@article {Our,
    AUTHOR = {Ourjoumtsev, A. and Tualle-Brouri, R. and Laurat, J. and Grangier, P.},
     TITLE = {Generating Optical {S}chr√∂dinger Kittens for Quantum Information Processing},
      NOTE = {},
   JOURNAL = {Science},
  FJOURNAL = {Science},
    VOLUME = {312},
      YEAR = {2006},
    NUMBER = {5770},
     PAGES = {83--86},
      ISSN = {},
   MRCLASS = {},
  MRNUMBER = {},
MRREVIEWER = {},
}


@article {Lacour,
    author = {Lacour, C.},
     TITLE = {Rates of convergence for nonparametric deconvolution},
   JOURNAL = {Comptes Rendus Math\'ematique. Acad\'emie des Sciences. Paris},
  FJOURNAL = {C. R. Math. Acad. Sci. Paris},
    VOLUME = {342},
      YEAR = {2006},
    NUMBER = {11},
     PAGES = {877--882},
      ISSN = {1631-073X},
   MRCLASS = {62G20 (62G07)},
  MRNUMBER = {MR2224640},
}
































%%%%%%%%%%%%%%%%%%%%%%%%%%%%%%%%%%%%%%%%%%%%%%%%%%%%%%%%%%%%%%%%%%%%%%%%%%%%%%%%%%%%%%%%%%%%%%%%%%%%%%%%%%%%%%%%%%%
@book{Abramowitz,
  Author =	 {Abramowitz, M. and Stegun, I.~A.},
  Publisher =	 {National Bureau of Standards, Washington},
  Title =	 {Handbook of Mathematical Functions},
  Year =	 1972
}

@article{Ans.,
  Author =	 {Anshelevich, M.},
  Journal =	 {Doc. Math.},
  Pages =	 {343-384},
  Title =	 {Partition-dependent stochastic measures and
                  q-deformed cumulants},
  Volume =	 6,
  Year =	 2001
}

@article{Artiles&Gill&Guta,
  Author =	 {Artiles, L. and Gill, R. and Gu{\c{t}}{\u{a}}, M.},
  Journal =	 {J. Royal Statist. Soc. B (Methodological)},
  Pages =	 {109-134},
  Title =	 {An invitation to quantum tomography},
  Volume =	 67,
  Year =	 2005,
  note = {MR{2136642}}, 
}

@article{BDPS,
  Author =	 {Banaszek, K. and D'Ariano, G.~M. and Paris, M.~G. A. and Sacchi, M.~F.},
  Fjournal =	 {Physical Review A},
  Journal =	 {Physical Review A},
  Number =	 {R10304},
  Title =	 {Maximum-likelihood estimation of the density matrix},
  Volume =	 61,
  Year =	 2000
}

@article{Barndorff-Nielsen&Gill,
  Author =	 {Barndorff-Nielsen, O.~E. and Gill, R.},
  Journal =	 {J. Phys. A},
  Pages =	 {1-10},
  Title =	 {Fisher information in quantum statistics},
  Volume =	 33,
  Year =	 2000
}

@article{Barndorff-Nielsen&Gill&Jupp,
  Author =	 {Barndorff-Nielsen, O.~E. and Gill, R. and Jupp, P.~E.},
  Journal =	 {J. Royal Stat. Soc. B},
  Pages =	 {775-816},
  Title =	 {On quantum statistical inference (with discussion)},
  Volume =	 65,
  Year =	 2003
}

@article{Barron&Birge&Massart,
  Author =	 {Barron, A.~R. and Birg\'{e}, L. and Massart, P.},
  Journal =	 {Probab. Theory Relat. Fields},
  Pages =	 {301-413},
  Title =	 {Risk Bounds for model selection via penalization},
  Volume =	 113,
  Year =	 1999
}

@incollection{Beck,
  Author =	 {Beck, M. and Raymer, M.},
  Booktitle =	 {Quantum State Estimation},
  Editor =	 {Matteo Paris and Jaroslav Rehacek},
  Pages =	 {235 - 295},
  Publisher =	 {Springer},
  Series =	 {Lecture Notes in Physics},
  Title =	 {Experimental Quantum State Tomography of Optical
                  Fields and Ultrafast Statistical Sampling},
  Volume =	 649,
  Year =	 2004
}

@article{Breitenbach&Schiller,
  Author =	 {Breitenbach, G. and Schiller, S.},
  Journal =	 {J. Modern Optics},
  Pages =	 {2207-2225},
  Title =	 {Homodyne tomography of classical and non-classical
                  light},
  Volume =	 44,
  Year =	 1997
}

@article{Breitenbach&Schiller&Mlynek,
  Author =	 {Breitenbach, G. and Schiller, S. and Mlynek, J.},
  Journal =	 {Nature},
  Pages =	 {471-475},
  Title =	 {Measurement of the quantum state of the squeezed
                  light},
  Volume =	 387,
  Year =	 1997
}

@article{Butucea,
  Author =	 {Butucea, C.},
  Journal =	 {The Canadian Journal of Statistics},
  Note =	 {to appear},
  Title =	 {Deconvolution of supersmooth densities with smooth
                  noise},
  Volume =	 32,
  Year =	 2004
}

@article{Butucea&Guta&Artiles,
  Author =	 {Butucea, C. and Gu{\c{t}}{\u{a}}, M. and Artiles, L.},
  Journal =	 {Ann. Statist.},
  Number =	 2,
  Pages =	 {465-494},
  Title =	 {Minimax and adaptive estimation of the {Wigner}
                  function in quantum homodyne tomography with noisy
                  data},
  Volume =	 35,
  Year =	 2007,
  note = {MR{2336856}},
}

@article{Butucea&Tsybakov,
  Author =	 {Butucea, C. and Tsybakov, A.~B.},
  Journal =	 {Theory Probab. Appl.},
  Title =	 {Sharp optimality for density deconvolution with
                  dominating bias. I and II.},
  Year =	 2007
}

@book {Tsybakovlivre,
    AUTHOR = {Tsybakov, Alexandre B.},
     TITLE = {Introduction \`a l'estimation non-param\'etrique},
    SERIES = {Math\'ematiques \& Applications (Berlin) [Mathematics \&
              Applications]},
    VOLUME = {41},
 PUBLISHER = {Springer-Verlag},
   ADDRESS = {Berlin},
      YEAR = {2004},
     PAGES = {x+175},
      ISBN = {3-540-40592-5},
   MRCLASS = {62-01 (62G05 62G07 62G08 62G20)},
  MRNUMBER = {MR2013911 (2005a:62007)},
MRREVIEWER = {Walter Schlee},
}
	

@article{Cavalier,
  Author =	 {Cavalier, L.},
  Journal =	 {Ann. Statist.},
  Pages =	 {630-647},
  Title =	 {Efficient estimation of a density in a problem of
                  tomography},
  Volume =	 28,
  Year =	 2000
}

@article {Cavalier2001,
    AUTHOR = {Cavalier, Laurent},
     TITLE = {On the problem of local adaptive estimation in tomography},
   JOURNAL = {Bernoulli},
  FJOURNAL = {Bernoulli. Official Journal of the Bernoulli Society for
              Mathematical Statistics and Probability},
    VOLUME = {7},
      YEAR = {2001},
    NUMBER = {1},
     PAGES = {63--78},
      ISSN = {1350-7265},
   MRCLASS = {62G07 (44A12)},
  MRNUMBER = {MR1811744 (2002a:62055)},
MRREVIEWER = {L. A. Shepp},
}
	

@book{Chi.,
  Author =	 {Chihara, T.~S.},
  Publisher =	 {Gordon \& Breach},
  Title =	 {An Introduction to Orthogonal Polynomials},
  Year =	 1978
}

@article{DAriano.0,
  Author =	 {D'Ariano, G.~M. and Macchiavello, C. and Paris, M.~G.~A.},
  Journal =	 {Phys. Rev. A},
  Pages =	 {4298-4302 },
  Title =	 {Detection of the density matrix through optical
                  homodyne tomography without filtered back
                  projection},
  Volume =	 50,
  Year =	 1994
}

@article{DAriano.1,
  Author =	 {D'Ariano, G.~M.},
  Journal =	 {Quantum Semiclass. Optics},
  Pages =	 {693-704},
  Title =	 {Tomographic measurement of the density matrix of the
                  radiation field},
  Volume =	 7,
  Year =	 1995
}

@article{DAriano.10,
  Author =	 {D'Ariano, G.~M.},
  Journal =	 {Fortschr. Phys.},
  Pages =	 {579-588},
  Title =	 {Quantum tomography: general theory and new
                  experiments},
  Volume =	 48,
  Year =	 2000
}

@article{DAriano.11,
  Author =	 {D'Ariano, G.~M. and Paris, M.~G.~A. and Sachhi, M.~F.},
  Journal =	 {Advances in Imaging and Electron Physics},
  Pages =	 {205-308},
  Title =	 {Quantum tomography},
  Volume =	 128,
  Year =	 2003
}

@article{DAriano.2,
  Author =	 {D'Ariano, G.~M. and Leonhardt, U. and Paul, H.},
  Journal =	 {Phys. Rev. A},
  Pages =	 {R1801-R1804},
  Title =	 {Homodyne detection of the density matrix of the
                  radiation field},
  Volume =	 52,
  Year =	 1995
}

@article{DAriano.3,
  Author =	 {Leonhardt, U. and Paul, H. and D'Ariano, G.~M.},
  Journal =	 {Phys. Rev. A},
  Pages =	 {4899-4907},
  Title =	 {Tomographic reconstruction of the density matrix via
                  pattern functions},
  Volume =	 52,
  Year =	 1995
}

@article{DAriano.4,
  Author =	 {D'Ariano, G.~M. and Macchiavello, C. and Sterpi, N.},
  Journal =	 {Quantum Semiclass. Optics},
  Pages =	 {929-939},
  Title =	 {Systematic and statistical errors in homodyne
                  measurements of the density matrix},
  Volume =	 9,
  Year =	 1997
}

@inproceedings{DAriano.5,
  Author =	 {D'Ariano, G.~M.},
  Booktitle =	 {International School of Physics Enrico Fermi},
  Publisher =	 {IOS Press },
  Title =	 {Tomographic methods for universal estimation in
                  quantum optics},
  Volume =	 148,
  Year =	 2002
}

@article{DAriano.6,
  Author =	 {Banaszek, K. and D'Ariano, G.~M. and Paris, M.~G.~A. and Sacchi, M.~F.},
  Journal =	 {Phys. Rev. A},
  Pages =	 {R010304},
  Title =	 {Maximum-likelihood estimation of the density matrix},
  Volume =	 61,
  Year =	 1999
}

@article{DAriano.7,
  Author =	 {Cassinelli, G. and D'Ariano, G.~M. and de Vito, E. and Levrero, A.},
  Journal =	 {J. Math. Phys.},
  Pages =	 {7940-7951},
  Title =	 {Group theoretical quantum tomography},
  Volume =	 41,
  Year =	 2000
}

@article{DAriano.8,
  Author =	 {D'Ariano, G.~M. and Maccone, L. and Paris, M.~G.~A.},
  Journal =	 {J. Phys. A},
  Pages =	 {93-103},
  Title =	 {Quorum of observables for universal quantum
                  estimation},
  Volume =	 35,
  Year =	 2001
}

@article{DAriano.9,
  Author =	 {D'Ariano, G.~M. and Maccone, L. and Paris, M.~G.~A.},
  Journal =	 {Phys. Lett. A},
  Pages =	 {25-30},
  Title =	 {Orthogonality relations in quantum tomography},
  Volume =	 276,
  Year =	 2000
}

@misc{DMS,
  Author =	 {D'Ariano, G.M. and Maccone, L. and Sacchi, M.~F.},
  Date-Modified ={2008-02-21 23:25:36 +0100},
  Title =	 {Homodyne tomography and the reconstruction of
                  quantum states of light},
  Url =
                  {http://www.citebase.org/abstract?id=oai:arXiv.org:quant-ph/0507078},
  Year =	 2005,
  Bdsk-Url-1 =
                  {http://www.citebase.org/abstract?id=oai:arXiv.org:quant-ph/0507078}
}

@article{DP,
  Author =	 {D'Ariano, G.~M. and Paris, M.~G.~A.},
  Fjournal =	 {Physical Review A},
  Journal =	 {Physical Review A},
  Number =	 518,
  Title =	 {Adaptive Quantum Tomography},
  Volume =	 60,
  Year =	 1999
}

@book{Deans,
  Author =	 {Deans, S.~R.},
  Publisher =	 {John Wiley \& Sons, New York},
  Title =	 {The Radon transform and some of its applications},
  Year =	 1983
}

@article{Dempster,
  Author =	 {Dempster, A.~P. and Laird, N.~M. and Rubin, D.~B.},
  Journal =	 {J. R. Statist. Soc. B},
  Pages =	 {1-38},
  Title =	 {Maximum likelihood from incomplete data via the {EM}
                  algorithm (with Discussion)},
  Volume =	 39,
  Year =	 1977
}

@article{Efromovich,
  Author =	 {Efromovich, S.},
  Journal =	 {J. Amer. Statist. Assoc.},
  Pages =	 {526-535},
  Title =	 {Density estimation in the case of supersmooth
                  measurement error},
  Volume =	 92,
  Year =	 1997
}

@book{Erdelyi,
  Author =	 {Erd√É¬©lyi, A. and Magnus Wilhelm and Oberhettinger, Fritz and Tricomi, Francesco G.},
  Mrclass =	 {33.0X},
  Mrnumber =	 {MR0058756 (15,419i)},
  Mrreviewer =	 {E. T. Copson},
  Note =	 {Based, in part, on notes left by Harry Bateman},
  Pages =	 {xxvi+302, xvii+396},
  Publisher =	 {McGraw-Hill Book Company, Inc., New
                  York-Toronto-London},
  Title =	 {Higher transcendental functions. {V}ols. {I}, {II}},
  Year =	 1953
}

@book{Geer,
  Author =	 {van de Geer, S.},
  Publisher =	 {Cambridge University Press},
  Title =	 {Applications of Empirical Process Theory},
  Year =	 2000
}

@article{Goldenshluger&Spokoiny,
  Author =	 {Goldenshluger, A. and Spokoiny, V.},
  Fjournal =	 {Probability Theory and Related Fields},
  Issn =	 {0178-8051},
  Journal =	 {Probab. Theory Related Fields},
  Number =	 1,
  Pages =	 {123--140},
  Title =	 {On the shape-from-moments problem and recovering
                  edges from noisy {R}adon data},
  Volume =	 128,
  Year =	 2004
}

@book{Gradshteyn&Ryzhik,
  Address =	 {San Diego, CA},
  Author =	 {Gradshteyn, I.~S. and Ryzhik, I.~M.},
  Edition =	 {Sixth},
  Isbn =	 {0-12-294757-6},
  Mrclass =	 {00A22 (33-00 65-00 65A05)},
  Mrnumber =	 {MR1773820 (2001c:00002)},
  Note =	 {Translated from the Russian, Translation edited and
                  with a preface by Alan Jeffrey and Daniel
                  Zwillinger},
  Pages =	 {xlvii+1163},
  Publisher =	 {Academic Press Inc.},
  Title =	 {Table of integrals, series, and products},
  Year =	 2000
}

@article{Gu.Gill.,
  Author =	 {Gu{\c{t}}{\u{a}}, M.~I.},
  Journal =	 {Eurandom report 2003-005},
  Note =	 {Online first: DOI 10.1007/s002090100316 },
  Title =	 {An invitation to Quantum Tomography},
  Year =	 2003
}

@unpublished{Guta,
  Author =	 {Gu{\c{t}}{\u{a}}, M.~I.},
  Note =	 {Manuscript},
  Title =	 {Maximum likelihood estimation of the density matrix
                  through quantum tomography},
  Year =	 2007
}




@unpublished{Guta2,
  Author =	 {Gu{\c{t}}{\u{a}}, M.~I.},
  Note =	 {in preparation},
  Title =	 {Quantum tomography},
  Year =	 2004
}

@book{Helstrom,
  Author =	 {Helstrom, C.~W.},
  Publisher =	 {Academic Press, New York},
  Title =	 {Quantum Detection and Estimation Theory},
  Year =	 1976
}

@book{Holevo,
  Author =	 {Holevo, A.~S.},
  Publisher =	 {North-Holland},
  Title =	 {Probabilistic and Statistical Aspects of Quantum
                  Theory},
  Year =	 1982
}

@article{Johnstone&Silverman,
  Author =	 {Johnstone Iain M. and Silverman Bernard W.},
  Fjournal =	 {The Annals of Statistics},
  Journal =	 {Ann. Statist.},
  Number =	 1,
  Pages =	 {251--280},
  Title =	 {Speed of estimation in positron emission tomography
                  and related inverse problems},
  Volume =	 18,
  Year =	 1990
}

@book{Korostelev&Tsybakov,
  Address =	 {New York},
  Author =	 {Korostel{\"e}v, A.~P. and Tsybakov, A.~B.},
  Pages =	 {xii+258},
  Publisher =	 {Springer-Verlag},
  Series =	 {Lecture Notes in Statistics},
  Title =	 {Minimax theory of image reconstruction},
  Volume =	 82,
  Year =	 1993
}

@article{Krasikov:2005db,
  Author =	 {Krasikov, I.},
  Journal =	 {East J. Approx.},
  Number =	 3,
  Pages =	 {257--268},
  Title =	 {Inequalities for {L}aguerre polynomials},
  Volume =	 11,
  Year =	 2005
}

@article{Krasikov:2007uq,
  Author =	 {Krasikov, I.},
  Date-Added =	 {2006-12-01 07:27:41 +0100},
  Date-Modified ={2007-02-06 13:06:47 +0100},
  Journal =	 {J. Approx. Theory},
  Keywords =	 {Laguerre functions},
  Number =	 1,
  Pages =	 {1--26},
  Title =	 {Inequalities for orthonormal {Laguerre} polynomials},
  Url =		 {http://dx.doi.org/10.1016/j.jat.2006.04.005},
  Volume =	 144,
  Year =	 2007,
  Bdsk-Url-1 =	 {http://dx.doi.org/10.1016/j.jat.2006.04.005}
}

@book{Leonhardt,
  Author =	 {Leonhardt, U.},
  Publisher =	 {Cambridge University Press},
  Title =	 {Measuring the Quantum State of Light},
  Year =	 1997
}

@article{Leonhardt.Munroe,
  Author =	 {Leonhardt, U. and Munroe, M. and Kiss, T. and Richter, T. and Raymer, M.~G.},
  Journal =	 {Opt. Commun.},
  Pages =	 {144-160},
  Title =	 {Sampling of photon statistics and density matrix
                  using homodyne detection},
  Volume =	 127,
  Year =	 1996
}

@article{Leonhardt.Paul,
  Author =	 {Leonhardt, U. and Paul, H.},
  Journal =	 {Phys. Rev. A},
  Pages =	 {4598-4604},
  Title =	 {Realistic optical homodyne measurements and
                  quasiprobability distributions},
  Volume =	 48,
  Year =	 1993
}

@article{Leonhardt.Raymer,
  Author =	 {Leonhardt, U. and Raymer, M.~G.},
  Journal =	 {Phys. Rev. Lett.},
  Pages =	 {1985-1989},
  Title =	 {Observation of moving wave packets reveals their
                  quantum state},
  Volume =	 76,
  Year =	 1996
}

@article{Lvovsky,
  Author =	 {Lvovsky, A},
  Journal =	 {J. Opt. B: Quantum Semiclass. Opt.},
  Pages =	 {S556-S559},
  Title =	 {Iterative maximum-likelihood reconstruction in
                  quantum homodyne tomography},
  Volume =	 6,
  Year =	 2004
}

@article{Meziani,
  Author =	 {Meziani, K.},
  Fjournal =	 {Mathematical Methods of Statistics},
  Issn =	 {1066-5307},
  Journal =	 {Mathematical Methods of Statistics},
  Mrclass =	 {62G05 (62G20,81V80)},
  Number =	 4,
  Pages =	 {1-15},
  Title =	 {Nonparametric Estimation of the Purity of a Quantum
                  State in Quantum Homodyne Tomography with Noisy
                  Data},
  Volume =	 16,
  Year =	 2007,
  note = {MR2378280},
}

@article{Richter,
  Author =	 {Richter, T.},
  Journal =	 {Phys. Lett. A},
  Pages =	 {327-330},
  Title =	 {Pattern functions used in tomographic reconstruction
                  of photon statistics revisited},
  Volume =	 211,
  Year =	 1996
}

@article{Richter1,
  Author =	 {Richter, T.},
  Fjournal =	 {Physical Review A},
  Journal =	 {Physical Review A},
  Number =	 063819,
  Title =	 {Realistic pattern functions for optical homodyne
                  tomography and determination of specific expectation
                  values},
  Volume =	 61,
  Year =	 2000
}

@article{Sciller,
  Author =	 {Schiller, S. and Breitenbach, G. and Pereira, S.~F. and M\"{u}ller, T. and Mlynek, J.},
  Journal =	 {Phys. Rev. Lett.},
  Pages =	 {2933-2936},
  Title =	 {Quantum statistics of the squeezed vacuum by
                  measurement of the density matrix in the number
                  state representation},
  Volume =	 77,
  Year =	 1996
}

@article{Smithey,
  Author =	 {Smithey, D.~T. and Beck, M. and Raymer, M.~G. and Faridani, A.},
  Journal =	 {Phys. Rev. Lett.},
  Pages =	 {1244-1247},
  Title =	 {Measurement of the {Wigner} distribution and the
                  density matrix of a light mode using optical
                  homodyne tomography: Application to squeezed states
                  and the vacuum},
  Volume =	 70,
  Year =	 1993
}

@article{Smitheybis,
  Author =	 {Smithey, D.~J. and Beck, M. and Cooper, M.~J. and Raymer, M.~G.},
  Journal =	 {Optics Letters},
  Pages =	 {1259--1261},
  Title =	 {Experimental determination of number-phase
                  uncertainty relations},
  Volume =	 18,
  Year =	 1993
}

@book{Szego:1959uq,
  Address =	 {Providence, R.I.},
  Author =	 {Szeg{\"o}, G.},
  Mrclass =	 {33.00 (41.00)},
  Mrnumber =	 {MR0106295 (21 \#5029)},
  Mrreviewer =	 {B. Germansky},
  Pages =	 {ix+421},
  Publisher =	 {American Mathematical Society},
  Series =	 {American Mathematical Society Colloquium
                  Publications, Vol.  23. Revised ed},
  Title =	 {Orthogonal polynomials},
  Year =	 1959
}

@book{Vaart,
  Author =	 {van der Vaart, A.~W. and Wellner, J.~A.},
  Publisher =	 {Springer, New York},
  Title =	 {Weak Convergence and Empirical Processes},
  Year =	 1996
}

@article{Vardi,
  Author =	 {Vardi, Y. and Shepp, L.~A. and Kaufman, L.},
  Journal =	 {J. Am. Stat. Assoc.},
  Pages =	 {8-37},
  Title =	 {A statistical model for positron emission
                  tomography},
  Volume =	 80,
  Year =	 1985
}

@article{Vogel&Risken,
  Author =	 {Vogel, K. and Risken, H. },
  Journal =	 {Phys. Rev. A},
  Pages =	 {2847-2849},
  Title =	 {Determination of quasiprobability distributions in
                  terms of probability distributions for the rotated
                  quadrature phase},
  Volume =	 40,
  Year =	 1989
}

@article{Wigner,
  Author =	 {Wigner, E.},
  Journal =	 {Phys. Rev.},
  Pages =	 {749-759},
  Title =	 {On the quantum correction for thermodynamic
                  equations},
  Volume =	 40,
  Year =	 1932
}

@book{Williams,
  Author =	 {Williams, D.},
  Publisher =	 {Cambridge University Press},
  Title =	 {Probability with Martingales},
  Year =	 1991
}

@article{Zavatta,
  Author =	 {Zavatta, A. and Viciani, S. and Bellini, M.},
  Journal =	 {Science},
  Pages =	 {660-662},
  Title =	 {Quantum to classical transition with
                  single-photon-added coherent states of light},
  Volume =	 306,
  Year =	 2004
}

@unpublished{Aubry:2007fk,
  Author =	 {Aubry, J.~M.},
  Date-Added =	 {2008-02-15 10:56:35 +0100},
  Date-Modified ={2008-02-21 23:28:09 +0100},
  Note =	 {Submitted to J. London Math. Soc.},
  Title =	 {Ultrarapidly decreasing ultradifferentiable
                  functions, {Wigner} distributions and density
                  matrices},
  Url =		 {http://arxiv.org/abs/math.FA/0703884},
  Year =	 2008,
  Bdsk-Url-1 =	 {http://arxiv.org/abs/math.FA/0703884}
}
%%%%%%%%%%%%%%%%%%%%%%%%%%%%%%%%%%%%%%%%ZAID
%online repository of cited papers
%http://www.tsi.enst.fr/~zharchao/biblio/ktest/

@book{Petrov:1995,
author = {Valentin, V.~P.},
title = {Limit Theorems of Probability Theory: sequences of independent random variables},
year = {1995},
series = {Oxford Studies in Probability},
publisher = {Oxford University Press},
 }
 
 @InProceedings{Bach04,
author = {Bach, F.~R. and Lanckriet  and Jordan, M.~I.},
title = {Multiple Kernel Learning, Conic Duality, and the SMO Algorithm},
booktitle = {Proc. ICML},
year = {2004},
}

@book{Ingster:Suslina:2003,
author = {Ingster, Y.~I. and Suslina, I.~A.},
title = {Nonparametric Goodness-of-fit Testing under Gaussian Models},
year = {2003},
series = {Lecture Notes in Statistics},
publisher = {Springer},
note = {MR{1991446}},
 }
 
@article {Ingster1993,
    AUTHOR = {Ingster, Y.~I.},
     TITLE = {Errata: ``{A}symptotically minimax hypothesis testing for
              nonparametric alternatives. {II}'' [{M}ath.\ {M}ethods
              {S}tatist.\ {\bf 2} (1993), no.\ 3, 171--189;  {MR}1257983
              (95g:62101)]},
   JOURNAL = {Math. Methods Statist.},
  FJOURNAL = {Mathematical Methods of Statistics},
    VOLUME = {2},
      YEAR = {1993},
    NUMBER = {4},
     PAGES = {268},
      ISSN = {1066-5307},
   MRCLASS = {62G10 (62C20)},
  MRNUMBER = {MR1259687 (95g:62104)},
MRREVIEWER = {S. Rao Jammalamadaka},
}
@book{Billingsley:1995,
author = {Billingsley, P.},
title = {Probability and Measure (3rd ed.)},
year = {1995},
series = {Wiley Series in Probability and Mathematical Statistics},
publisher = {Wiley Interscience},
 }
  
 
 @ARTICLE{Aronszajn1950Theory,
  author = {Aronszajn, N.},
  title = {Theory of reproducing kernels},
  journal = {Trans. {A}m. {M}ath. {S}oc.},
  year = {1950},
  volume = {68},
  pages = {337~-~404},
}


 @book{vdVaart:1998,
author = {van der Vaart, A.},
title = {Asymptotic Statistics},
year = {1998},
series = {Cambridge Series in Statistical and Probabilistic Mathematics},
publisher = {Cambridge University Press}
} 

 @book{Gu:2002,
author = {Gu, C.},
title = {Smoothing Spline ANOVA Models},
year = {2002},
series = {Springer Series in Statistics},
publisher = {Springer}
 }
 
@book{Wendland:2005,
author = {Wendland, H.},
title = {Scattered Data Approximation},
year = {2005},
series = {Cambridge Monographs on Applied and Computational Mathematics},
publisher = {Cambridge University Press},
 }
 
   @book{Mathai:Provost:1992,
author = {Mathai, A.~M. and Provost, S.~B.},
title = {Quadratic Forms in Random Variables: Theory and Applications},
year = {1990},
publisher = {Marcel Dekker},
 }

  @book{Wahba:1990,
author = {Wahba, G.},
title = {Spline Models for Observational Data},
year = {1990},
publisher = {SIAM}
 }
 
 @InProceedings{Fukumizu:Gretton:Sunn:Schoelkopf:2008,
author = {Fukumizu, K. and Gretton, A. and Sunn, X. and Sch\"{o}lkopf, B.},
title = {Kernel Measures of Conditional Dependence},
booktitle = {Adv. NIPS},
year = {2008},
}

 @book{Durrett:2004,
author = {Durrett, R.},
title = {Probability: Theory and Examples (3rd ed.)},
year = {2004},
publisher = {Thomson Brooks/Cole},
 }

@book{Gohberg:Goldberg:Kaashoek:1990,
author = {Gohberg, I. and Goldberg, S. and Kaashoek, M.~A.},
title = {Classes of Linear Operators Vol. I},
year = {1990},
publisher = {Birkh\"{a}user},
 }


 @book{Nikitin:1995,
author = {Nikitin, Y.},
title = {Asymptotic Efficiency of Nonparametric Tests},
year = {1995},
publisher = {Cambridge University Press},
note = {MR{1335235}},
 }

 
  @book{Hastie:Tibshirani:Friedman:2001,
author = {Hastie, T. and Tibshirani, R. and Friedman, J.},
title = {The Elements of Statistical Learning},
year = {2001},
series = {Springer Series in Statistics},
publisher = {Springer},
 }

 @book{Serfling:1980,
author = {Serfling, R.},
title = {Approximation Theorems in Statistics},
year = {1980},
publisher = {Wiley},
 }

 @book{Aubin:2000,
author = {Aubin, J.~P.},
title = {Applied Functional Analysis (2nd ed.)},
year = {2000},
publisher = {Wiley-Interscience},
 }
 
 
@InProceedings{Steinwart:Hush:Scovel:2006b,
author = {Steinwart, I. and Hush, D. and Scovel, C.},
title = {Function classes that approximate the Bayes risk},
booktitle = {Proceedings of the 19th Conference on Learning Theory (COLT 2006)},
year = {2006},
}


   @article{Reynolds:2004,
    author  = {Bimbot, F. and Bonastre, J-F. and Fredouille, C. and Gravier, G. and Magrin-Chagnolleau, I. and Meignier, S. and Merlin, T. and Ortega-Garcia, J. and Petrovska-Delacretaz, D. and Reynolds, D.~A.},
     title = {A Tutorial on Text-Independent Speaker Verification},
   journal = {EURASIP},
    volume = {4},
    issue  = {1},
      year = {2004},
    pages  = {430--51},
}

   @article{dWet:Randles:1987,
   author  = {de Wet, T. and Randles, R.~H.},
     title = {On the effect of substituting parameter estimators 
     in limiting chi-square {U} and {V} statistics},
   journal = {Annals of Statistics},
    volume = {15},
    issue  = {1},
      year = {1987},
    pages  = {398--412},
}

  @article{Strawderman:2004,
   author  = {Strawderman, R.~L.},
     title = {Computing Tail Probabilities by Numerical Fourier Inversion: the absolutely continuous case},
   journal = {Statistica Sinica},
      volume = {14},
      year = {2004},
    pages  = {175--201}
}

  @article{Hughett:1998,
   author  = {Hughett, P.},
     title = {Error Bounds for Numerical Inversion of a Probability Characteristic Function},
   journal = {SIAM Journal on Numerical Analysis},
      volume = {35},
    issue  = {4},
      year = {1998},
    pages  = {1368--1392}
}
  
  @article{Sun:2005,
   author  = {Sun, H.},
     title = {Mercer theorem for RKHS on noncompact sets},
   journal = {Journal of Complexity},
    volume = {21},
    issue  = {3},
      year = {2005},
    pages  = {337--349},
}

 @article{Beran:1975,
   author = {Beran, R.},
     title = {Tail probabilities of Noncentral Quadratic Forms},
   journal = {Annals of Statistics},
    volume = {3},
      year = {1975},
    number = {4},
}


 @article{Gregory:1977,
   author = {Gregory, G.},
     title = {Large-sample theory for {U}-statistics and test of fit},
   journal = {Annals of Statistics},
    volume = {5},
      year = {1977},
    number = {1},
}


@article{Baraud:2002,
   author = {Baraud, Y.},
     title = {Non asymptotic minimax rates of testing in signal detection},
   journal = {Bernoulli},
    volume = {8},
      year = {2002},
      note ={MR{1935648}}
}

 @article{Fromont:Laurent:2006,
   author = {Fromont, M. and Laurent, B.},
     title = {Adaptive goodness-of-fit tests in a density model},
   journal = {Annals of Statistics},
    volume = {34},
      year = {2006},
    number = {2},
    note = {MR{2281881}},
}
@article {Kargin,
    AUTHOR = {Kargin, V.},
     TITLE = {On the {C}hernoff bound for efficiency of quantum hypothesis
              testing},
   JOURNAL = {Ann. Statist.},
  FJOURNAL = {The Annals of Statistics},
    VOLUME = {33},
      YEAR = {2005},
    NUMBER = {2},
     PAGES = {959--976},
      ISSN = {0090-5364},
     CODEN = {ASTSC7},
   MRCLASS = {62G10 (81P15)},
  MRNUMBER = {MR2163165 (2006h:62047)},
MRREVIEWER = {Sreenivasan Ravi},
}

 @article{Spokoiny:1996,
   author = {Spokoiny, V.~G.},
     title = {Adaptive Hypothesis Testing using Wavelets},
   journal = {Annals of Statistics},
    volume = {24},
      year = {1996},
    number = {6},
    note = {MR1425962},
}
@article {Spokoiny:1998,
    AUTHOR = {Spokoiny, V. G.},
     TITLE = {Adaptive and spatially adaptive testing of a nonparametric
              hypothesis},
   JOURNAL = {Math. Methods Statist.},
  FJOURNAL = {Mathematical Methods of Statistics},
    VOLUME = {7},
      YEAR = {1998},
    NUMBER = {3},
     PAGES = {245--273},
      ISSN = {1066-5307},
   MRCLASS = {62G08 (62G10 62G20)},
  MRNUMBER = {MR1651777 (2000c:62065)},
MRREVIEWER = {Friedrich Liese},
}
	



 @article{Gine:Goetze:Mason:1997,
   author = {Gine, E. and G\"{o}tze, F. and Mason, D.~M.},
     title = {When is the studen {t}-statistic asymptotically standard normal},
   journal = {Annals of Probability},
    volume = {25},
      year = {1997},
    number = {3},
}
  


 @article{dlPena:Klass:Lai,
   author = {de la Pena, V.~H. and Klass, M.~J. and Lai, T.~L.},
     title = {Self-normalized Processes: Exponential inequalities, Moment Bounds and Iterated Logatithm Laws},
   journal = {Annals of Statistics},
    volume = {32},
      year = {2004},
    number = {3},
}

 @article{Blanchard:Bousquet:Zwald:2007,
   author = {Blanchard, G. and Bousquet, O. and Zwald, L.},
     title = {Statistical properties of kernel principal component analysis},
   journal = {Machine Learning},
    volume = {66},
      year = {2007},
    number = {2-3},
}

  @article{Widom:1963,
  author={Widom, H.},
  title={Asymptotic behavior of the eigenvalues of certain integral equations {I}},
  journal={Transactions of the American  Mathematical Society},
  volume = {109},
  pages = {278--295},
  year= {1963},
  }

  
    @article{Widom:1964,
  author={Widom, H.},
  title={Asymptotic behavior of the eigenvalues of certain integral equations
    {II}},
  journal={Archive for Rational Mechanics and Analysis},
  volume = {17},
  pages = {215--229},
  year= {1964},
  }
  

@book{Golub:1983,
    author = {Golub, G.~H. and Van Loan, C.~F.},
    title = {Matrix Computations},
    publisher = {J. Hopkins Univ. Press},
    year = {1996},
}

@article{Borgwardt:Gretton:Rasch:Kriegel:Schoelkopf:Smola:2006,
   author = {Borgwardt, K. and Gretton, A. and Rasch, M. and Kriegel, H-P. and Sch\"{o}lkopf, B. and Smola, A.~J.},
     title = {Integrating structured biological data by Kernel Maximum Mean Discrepancy},
   journal = {Bioinformatics},
    volume = {22},
      year = {2006},
    number = {14},
     pages = {49--57},
}

@article{Efron:2004,
   author = {Efron, B.},
     title = {The Estimation of Prediction Error: Covariance Penalties and Cross-Validation},
   journal = {Journal of American Statistical Association},
    volume = {99},
      year = {2004},
    number = {467},
     pages = {619--632},
}

 @article{Braun:2006,
   author = {Braun, M.~L.},
     title = {Accurate Error Bounds for the Eigenvalues of the Kernel Matrix},
   journal = {Journal of Machine Learning Research},
    volume = {7},
      year = {2303--2328},
}

 @article{Micchelli:Xu:Zhang:2006,
   author = {Micchelli, C.~A. and Xu, Y. and Zhang, H.},
     title = {Universal Kernels},
   journal = {Journal of Machine Learning Research},
    volume = {7},
      year = {2651--2667},
}

 @article{Baudat:Anouar:2000,
   author = {Baudat, G. and Anouar, F.},
     title = {Generalized Discriminant Analysis Using a Kernel Approach},
   journal = {Neural Computation},
    volume = {12},
      year = {2385--2404},
}

 @article{Mika:Raetsch:Weston:Schoelkopf:Smola:Mueller,
   author = {Mika, S. and Raetsch, G. and Weston, J. and Sch\"{o}lkopf, B. and Smola, A.~J. and Mueller, K-R.},
     title = {Constructing descriptive and discriminative non-linear features: Rayleigh coefficients in kernel feature spaces},
   journal = {IEEE Transaction on Pattern Analysis and Machine Intelligence},
    volume = {25},
    number = {5},
      pages = {623--628},
      year = {2003},
}


@article{Bickel:Ritov:1995,
   author = {Bickel, P. and Ritov, Y.},
     title = {An exponential inequality for {U}-statistics with applications to testing},
   journal = {Probability in the Engineering and Informational Sciences},
    volume = {9},
      year = {1995},
}

@article{Inglot:Ledwina:1996,
   author = {Inglot, T. and Ledwina, T.},
     title = {Asymptotic Optimality of data-driven {N}eyman's tests},
   journal = {Annals of Statistics},
    volume = {24},
      year = {1996},
     pages = {1982--2019},
}

@article{Bickel:Rosenblatt:1973,
   author = {Bickel, P.~J. and Rosenblatt, M.},
     title = {On Some Global Measures of the Deviations of Density Function Estimates},
   journal = {Annals of Statistics},
    volume = {1},
      year = {1973},
    number = {6},
     pages = {1071--1095},
     note = {MR{0348906}}
}

@article{Anderson:Hall:Titterington:1994,
   author = {Anderson, N.~H. and Hall, P. and Titterington, D.~M.},
     title = {Two-sample test statistics for measuring discrepancies between
              two multivariate probability density functions using
              kernel-based density estimates},
   journal = {Journal of Multivariate Analysis},
    volume = {50},
      year = {1994},
    number = {1},
     pages = {41--54},
     note = {MR{1292607}}
}

 @article{Neuhaus:1987,
   author = {Neuhaus, G.},
     title = {Local Asymptotics for Linear Rank Statistics with Estimated Score Functions},
   journal = {Annals of Statistics},
    volume = {15},
      year = {1987},
    number = {2},
}

 @article{Cantoni:Hastie:2002,
   author = {Cantoni, E. and Hastie, T.},
     title = {Degrees of Freedom Tests for Smoothing Splines},
   journal = {Biometrika},
    volume = {89},
      year = {2002},
}


@article{Baker:1973,
author={Baker, C.},
year={1973},
title={Joint measures and cross-covariance operator},
journal={Transactions of the American Mathematical Society},
volume={186},
pages={273--289},
}


@article {Hall:Tajvidi:2002,
   author = {Hall, P. and Tajvidi, N.},
     title = {Permutation tests for equality of distributions in
              high-dimensional settings},
   journal = {Biometrika},
    volume = {89},
      year = {2002},
    number = {2},
     pages = {359--374},
}

@article {Liu:Singh:1993,
   author = {Liu, R.~Y. and Singh, K.},
     title = {A quality index based on data depth and multivariate rank
              tests},
   journal = {Journal of the American Statistical Association},
    volume = {88},
      year = {1993},
    number = {421},
     pages= {252--260},
}


@article {Butucea:Tribouley:2006,
   author = {Butucea, C. and Tribouley, K.},
     title = {Nonparametric homogeneity tests},
   journal = {Journal of Statistical Planning and Inference},
    volume = {136},
      year = {2006},
    number = {3},
     pages = {597--639},
}

@article {Allen:1997,
   author = {Allen, D.~L.},
     title = {Hypothesis testing using an {$L\sb 1$}-distance bootstrap},
   journal = {The American Statistician},
    volume = {51},
      year = {1997},
    number = {2},
     pages = {145--150},
     note = {MR{1450947}}
}



@Article{Fukumizu:Bach:Gretton:2007,
author = {Fukumizu, K. and Bach, F. and Gretton, A.},
title = {Statistical convergence of Kernel Canonical Correlation Analysis},
journal = {Journal of Machine Learning Research},
year = {2007},
volume = {8},
number = {8},
}

   @book{Duda:Hart:Stork:2000,
author = {Duda, R. and Hart, P. and Stork, D.},
 title = {Pattern Classification},
 year = {2000},
 publisher = {Wiley Interscience},
 }

   @book{Hart:1997,
author = {Hart, J.~D.},
 title = {Nonparametric Smoothing and Lack-of-Fit Tests },
 year = {1997},
 publisher = {Springer},
 }

   @book{Csorgo:Horvath:1998,
author = {Cs\"org\"o, M. and Horv\'ath, L.},
 title = {Limit Theorems in Change-Point Analysis},
 year = {1998},
 publisher = {John Wiley and sons},
 }

 @TechReport{Huang:Hwang:Lin:2007,
author = {Huang, S.~Y. and Hwang, C.~R. and Lin, M.~H.},
title = {Kernel Fisher Discriminant Analysis in Gaussian Reproducing Kernel Hilbert Space},
year = {2007},
}

@TechReport{Huang:Hwang:Lin:2007,
author = {Huang, S.~Y. and Hwang, C.~R. and Lin, M.~H.},
title = {Kernel Canonical Correlation Analysis and its Applications to Nonlinear Measures of Association and Test of Independence},
year = {2007},
}


@Article{Munk:Paige:Pang:Patrangenaru:Ruymgaart:2007,
author = {Munk, A. and Paige, R. and Patranenaru, V. and Ruymgaart, F.},
title = {The one- and multi-sample problem for functional data with application to projective shape analysis},
journal = {Journal of Multivariate Analysis},
year = {2007},
note = {to appear},
}

@book{Haerdle:Simar:2007,
author = {H\"{a}rdle, W. and Simar, L.},
title = {Applied Multivariate Statistical Analysis (2nd ed.)},
year = {2007},
publisher = {Springer},
}

@Article{Rooija:Ruymgaart:1996,
author = {van Rooija, A.~C.~M. and Ruymgaart, F.~H.},
title = {Asymptotic minimax rates for abstract linear estimators},
journal = {journal of Statistical Planning and Inference },
year = {1996},
volume = {53},
number = {3},
pages = {389--402},
}

 @Proceedings{Carlstein:Mueller:Siegmund:1994,
title = {Change-point Problems},
year = {1994},
editor = {Carlstein, E. and M\"{u}ller, H. and Siegmund, D.},
number = {23},
series = {IMS Monograph},
organization = {Institute of Mathematical Statistics, Hayward, CA},
}


@Article{Ferger:1998,
author = {Ferger, D.},
title = {Optimal Tests for the General Two-sample Problem},
journal = {journal of Multivariate Analysis},
year = {2000},
volume = {74},
pages = {1--25},
}

@Article{Horvath:Shao:1996,
author = {Horvath, L. and Shao, Q-m.},
title = {Limit theorems for maximum of standardized {u}-statistics with an application},
journal = {Annals of Statistics},
year = {1996},
volume = {24},
number = {5},
pages = {2266--2279},
}

@Article{Fan:1996,
author = {Fan, J.},
title = {Test of Significance based on Wavelet Thresholding and {N}eyman's Truncation},
journal = {Journal of American Statistical Association},
year = {1996},
volume = {91},
pages = {674--688},
}

@Article{Buja:1996,
author = {Buja, A.},
title = {Remarks on Functional Canonical Variates, Alternating Least-squares method and ACE},
journal = {The Annals of Statistics},
year = {1990},
volume = {18},
number = {3},
pages = {1032--1069},
}

@article{Louradour:Daoudi:Bach:2007,
author = {Louradour, J. and Daoudi, K. and Bach, F.},
title = {Feature Space Mahalanobis Sequence Kernels: Application to SVM Speaker Verification},
journal = { IEEE Transactions on Audio, Speech and Language Processing},
year = {2007},
note = "To appear"
}



@Article{Hall:Horowitz:2007,
author = {Hall, P. and Horowitz, J.~L.},
title = {Methodology and convergence rates for functional linear regression},
journal = {The Annals of Statistics},
year = {2007},
volume = {35},
number = {1},
pages = {70--91},
}

@Article{Bartlett:1947,
author = {Bartlett, M.~S.},
title = {Multivariate Analysis},
journal = {Supplement to the journal of the Royal Statistical Society},
year = {2004},
volume = {9},
number = {2},
pages = {176--197},
}

@Article{Ledoit:Wolf:2004,
author = {Ledoit, O. and Wolf, M.},
title = {A Well-Conditioned Estimator for Large-Dimensional Covariance Matrices},
journal = {journal of Multivariate Analysis},
year = {2004},
volume = {88},
number = {2},
}

@Article{Koltchinskii:Gine:2000,
author = {Koltchinskii, V. and Gin\'{e}, E.},
title = {Random matrix approximation of spectral of integral operators},
journal = {Bernoulli},
year = {2000},
volume = {6},
number = {1},
}

@Article{Hastie:Buja:Tibshirani:1995,
author = {Hastie, T. and Buja, A. and Tibshirani, R.},
title = {Penalized discriminant analysis},
journal = {The Annals of Statistics},
year = {1995},
volume = {23},
number = {1},
}

@Article{Leurgans:Moyeed:Silverman:1993,
author = {Leurgans, S. and Moyeed, A. and Silverman, B.},
title = {Canonical Correlation Analysis when the Data are Curves},
journal = {journal of the Royal Statistical Society B},
year = {1998},
volume = {55},
pages = {725--740},
}

@Article{Dauxois:Nkiet:1998,
author = {Dauxois, J. and Nkiet, G.~M.},
title = {Nonlinear canonical analysis and independence tests},
journal = {The Annals of Statistics},
year = {1998},
volume = {26},
number = {4},
}


@InProceedings{Gretton:Bousquet:Smola:Schoelkopf:2005,
author = {Gretton, A. and Bousquet, O. and Smola, A. and Sch\"{o}lkopf, B.},
title = {Measuring Statistical Dependence with Hilbert-Schmidt Norms. Algorithmic Learning Theory:},
booktitle = {16th International Conference on Algorithmic Learning Theory (ALT)},
year = {2005},
}

@article{Gretton:Herbrich:Smola:Bousquet:Scholkopf:2005,
author = {Gretton, A. and Herbrich, R. and Smola, A. and Bousquet, O. and Sch\"{o}lkopf, B.},
 title = {Kernel Methods for Measuring Independence},
 journal = {J. Mach. Learn. Res.},
 volume = {6},
 year = {2005},
 issn = {1533-7928},
 pages = {2075--2129},
 publisher = {MIT Press},
 address = {Cambridge, MA, USA},
 }

@TechReport{Gretton:Smola:Bousquet:Herbrich:Schoelkopf:Logothetis:2004,
author = {Gretton, A. and Smola, A. and Bousquet, O. and Herbrich, R. and Schoelkopf, B. and Logothetis, N.~K.},
title = {Behaviour and Convergence of the Constrained Covariance},
institution = {Max Planck Institute for Biological Cybernetics},
year = {2004},
number = {130},
}

@TechReport{Bach:Jordan:2005,
author = {Bach, F. and Jordan, M.~I.},
title = {A probabilistic interpretation of canonical correlation analysis},
institution = {Department of Statistics, University of California, Berkeley},
year = {2005},
number = {688},
}


@PhdThesis{Zwald:2004,
author = {Zwald, L.},
title = {Statistical properties of Kernel Principal Component Analysis},
school = {Universit\'{e} Paris-Sud, Orsay, FRANCE},
year = {2004},
}

@Article{Desobry:Davy:Doncarli:2005,
author = {Desobry, F. and Davy, M. and Doncarli, C.},
title = {An Online Kernel Change Detection Algorithm},
journal = {IEEE Transactions on Signal Processing},
year = {2005},
volume = {53},
number = {8},
pages = {2961-2974},
month = {August},
}

@Article{Vert:Vert:2006,
author = {Vert, R.and Vert, J-P.},
title = {Consistency and Convergence Rates of One-Class SVM and Related Algorithms},
journal = {Journal of Machine Learning Research},
year = {2006},
volume = {7},
}


@Article{Bach:Jordan:2002,
author = {Bach, F. and Jordan, M.~I.},
title = {Kernel Independent Component Analysis},
journal = {journal of Machine Learning Research},
year = {2002},
volume = {3},
}

@InProceedings{Roth:Steinhage:1999,
author = {Roth, V. and Steinhage, V.},
title = {Nonlinear Discriminant Analysis Using Kernel Functions},
booktitle = {Adv. NIPS},
year = {1999},
}


@InProceedings{Bach:Jordan:2003,
author = {Bach, F. and Jordan, M.~I.},
title = {Learning graphical models with Mercer kernels},
booktitle = {Adv. NIPS},
year = {2003},
}


@InProceedings{Blanchard:Zwald:2005,
author = {Blanchard, G.~s and Zwald, L.},
title = {On the Convergence of Eigenspaces in Kernel Principal Component Analysis},
booktitle = {Adv. NIPS},
year = {2005},
}

@InProceedings{Gretton:Borgwardt:Rasch:Schoelkopf:Smola:2006,
author = {Gretton, A. and Borgwardt, K. and Rasch, M. and Schoelkopf, B. and Smola, A.},
title = {A kernel method for the two-sample problem},
booktitle = {Adv. NIPS},
year = {2006},
}

@Article{Mas:Menneteau:2003,
author = {Mas, A. and Menneteau, L.},
title = {Perturbation approach applied to the asymptotic study of random operators},
journal = {Progress in Probability},
year = {2003},
volume = {55},
pages = {127-123},
}

@Article{Mas:Menneteau:2003,
author = {Mas, A. and Menneteau, L.},
title = {Perturbation approach applied to the asymptotic study of random operators},
journal = {Progress in Probability},
year = {2003},
volume = {55},
pages = {127-123},
}

@Article{Mas:2007,
author = {Mas, A.},
title = {Testing for the mean of random curves : a penalization approach},
journal = {Statistical Inference for Stochastic Processes},
year = {2007},
volume = {10},
number = {2},
pages = {147-163},
}

@book{Akhieser:Glazman:1993,
author = {Akhieser, N.~I. and Glazman, I.~M.},
title = {Theory of Linear Operators in Hilbert Spaces},
year = {1993},
publisher = {Dover},
}

@book{Hajek:Sidak:Sen:2004,
author = {Hajek, J. and Sidak, Z. and Sen, P.~K.},
title = {Theory of Rank Tests},
year = {2004},
publisher = {Academic Press},
}

@book{Hall:Heyde:1980,
author = {Hall, P. and Heyde, C.~C.},
title = {Martingale Limit Theory and Its Application},
year = {1980},
publisher = {Academic Press},
}

@book{Bosq:2000,
author = {Bosq, D.},
title = {Linear Processes in Function Spaces: Theory and Applications},
year = {2000},
publisher = {Springer},
}

@Article{Steinwart:Hush:Scovel:2006a,
author = {Steinwart, I. and Hush, D. and Scovel, C.},
title = {An Explicit Description of the Reproducing Kernel Hilbert Spaces of Gaussian {RBF} Kernels},
journal = {IEEE Transactions on Information Theory},
year = {2006},
volume = {52},
pages = {4635--4643},
}

@Article{Steinwart:2001,
author = {Steinwart, I.},
title = {On the Influence of the Kernel on the Consistency of Support Vector Machines},
journal = {journal of Machine Learning Research},
year = {2001},
volume = {2},
pages = {67--93},
}

@book{Lehmann:1999,
author = {Lehmann, E.},
title = {Elements of Large-Sample Theory},
year = {1999},
publisher = {Springer},
}

@book{Lehmann:Romano:2005,
author = {Lehmann, E. and Romano, J.},
title = {Testing Statistical Hypotheses (3rd ed.)},
year = {2005},
publisher = {Springer},
}

@book{Ferraty:Vieu:2006,
author = {Ferraty, F. and Vieu, P.},
title = {Nonparametric Functional Data Analysis},
year = {2006},
publisher = {Springer},
}

@book{Ramsay:Silverman:2005,
author = {Ramsay, J.~O. and Silverman, B.~W.},
title = {Functional Data Analysis},
year = {2005},
publisher = {Springer},
}

@book{Ledoux:Talagrand:1991,
author = {Ledoux, M. and Talagrand, M.},
title = {Probability in Banach Spaces},
year = {1991},
publisher = {Springer},
}

@book{Bobrowsky:2005,
author = {Bobrowsky, A.},
title = {Functional Analysis for Probability and Stochastic Processes},
year = {2005},
publisher = {Cambridge University Press},
}

@book{Bogachev:1998,
author = {Bogachev, V.~I.},
title = {Gaussian Measures},
year = {1998},
publisher = {American Mathematical Society},
}

@book{Stein:1999,
author = {Stein, M.~I.},
title = {Statistical Interpolation of Spatial Data: Some Theory for Kriging},
year = {1999},
publisher = {Springer},
}

  @book{Grenander:Miller:2007,
author = {Grenander, U. and Miller, M.},
 title = {Pattern Theory: from representation to inference},
 year = {2007},
 publisher = {Oxford Univ. Press}
 }

@book{Grenander:1981,
author = {Grenander, U.},
title = {Abstract Inference},
year = {1981},
publisher = {Wiley},
}

@book{Anderson:2003,
author = {Anderson, T.~W.},
 title = {An Introduction to Multivariate Statistical Analysis},
 year = {2003},
 publisher = {Wiley Interscience},
 }

 @book{Rao:2000,
author = {Rao, M.~M.},
 title = {Stochastic Processes: Inference Theory},
 year = {2000},
 publisher = {Kluwer Academic Publishers},
 }

 @book{Vakhania:Tarieladze:Chobanyan:1987,
author = {Vakhania, N.~N. and Tarieladze, V.~I. and Chobanyan, S.~A.},
 title = {Probability Distributions on Banach Spaces},
 year = {1987},
 publisher = {D. Reidel Publishing Company},
 }

 @book{Shao:2003,
author = {Shao, J.},
 title = {Mathematical Statistics (2nd ed.)},
 year = {2003},
 publisher = {Springer Series inStatistics},
 }

 @book{Hastie:Tibshirani:2001,
     author      = {Hastie, T. and Tibshirani, R. and Friedman, J.},
      title       = {The Elements of Statistical Learning},
      year        = {2001},
      publisher   = {Springer},
}

 @book{Schoelkopf:Smola:2002,
author = {Sch\"{o}lkopf, B.  and Smola, A.~J.},
 title = {Learning with Kernels},
 year = {2002},
 publisher = {MIT Press},
 }

    @book{Efron:Tibshirani:1990,
author = {Efron, B. and Tibshirani, R.},
 title = {An Introduction to the Bootstrap},
 year = {1994},
 series = {Monographs on Statistics and Applied Probability},
 publisher = {Chapman \& Hall/CRC},
 }

@book{Brezis:1980,
  author = {Brezis, H.},
  title = {Analyse Fonctionnelle},
  publisher = {Masson},
  year = {1980} }


   @book{Koroljuk:Borovskich:1994,
author = {Koroljuk, V.~S. and Borovskich, Y.~V.},
 title = {Theory of {U}-statistics},
 year = {1994},
 publisher = {Kluwer Academic Publishers},
 }


   @book{Hastie:Tibshirani:1990,
author = {Hastie, T. and Tibshirani, R.},
 title = {Generalized Additive Models},
 year = {1990},
 series = {Monographs on Statistics and Applied Probability},
 publisher = {Chapman \& Hall/CRC},
 }

  @book{Borovkov:1999,
author = {Borovkov, A.~A.},
 title = {Mathematical Statistics},
 year = {1999},
 publisher = {Gordon and Breach Science Publishers},
 }

   @book{Kullback:1958,
author = {Kullback, S.},
 title = {Information Theory and Statistics},
 year = {1958},
 publisher = {Dover},
 }

 @InProceedings{Basseville:Cardoso:1995,
author = {Basseville, M. and Cardoso, J-F.},
title = {On entropies, divergences and mean values},
booktitle = {IEEE International Symposium on Information Theory},
year = {1995},
}

 @book{Shawe:Cristianini:2004,
author = {Shawe-Taylor, J. and Cristianini, N.},
 title = {Kernel Methods for Pattern Analysis},
 year = {2004},
 publisher = {Cambridge Univ. Press},
 }

 @book{Bosq:2007,
author = {Bosq, D.},
 title = {Inference and Prediction in Large Dimensions},
 year = {2007},
 publisher = {Halsted Publisher},
 }


@book{Kay:1993,
author = {Steven, M.~K.},
 title = {Fundamentals of statistical signal processing: detection theory},
 year = {1993},
 publisher = {Prentice-Hall, Inc.},
 }

@Article{Bellman:1961,
author = {Bellman, R.},
title = {On the approximation of curves by line segments using dynamic
programming},
journal = {Communications of the ACM},
year = {1961},
volume = {4},
number = {6},
}

@Article{Fisher:1958,
author = {Fisher, W.~D.},
title = {On grouping for maximum homogeneity},
journal = {journal of the American Statistical Society},
year = {1958},
volume = {53},
pages = {789--798},
}

@book{Cappe:Moulines:Ryden:2005,
author = {Capp\'{e}, O. and Moulines, E. and Ryden, T.},
 title = {Inference in Hidden Markov Models (Springer Series in Statistics)},
 year = {2005},
 publisher = {Springer-Verlag New York, Inc.},
 }

@Book{Ruanaidh:Fitzgerald:1996,
author = {Ruanaidh, J.~J. and Fitzgerald, W.~J.},
title = {Numerical Bayesian Methods Applied to Signal Processing},
publisher = {Springer},
year = {1996},
series = {Statistics and Computing},
}

@Article{Zhao:Yu:2006,
 author =   {Zhao, P. and Yu, B.},
  title =    {On model selection consistency of Lasso},
  journal =      {To appear in journal Of Machine Learning Research},
  year =     {2006},
}

@Article{Osborne:Presnell:2000,
 author =   {Osborne, M. and Presnell, B. and Turlach, B.},
  title =    {On the Lasso and its dual},
  journal =      {journal of Computational and Graphical Statistics},
  year =     {2000},
  volume =   {9},
  pages =    {319--337},
}

@Book{Basseville:Nikiforov:1993,
 author =   {Basseville, M. and Nikiforov, N.},
  title =    {The detection of abrupt changes},
  publisher =    {Prentice-Hall},
  year =     {1993},
  series =   {Information and System sciences series},
}

@Book{Brodsky:Darkhovsky:1993,
 author =   {Brodsky, B. and Darkhovsky, B.},
  title =    {Nonparametric methods in change-point problems},
  publisher =    {Kluwer Academic Publishers},
  year =     {1993},
  address =      {the Netherlands},
}

@Article{Lavielle:Moulines:2000,
 author =   {Lavielle, M. and Moulines, E.},
  title =    {Least-squares estimation of an unknown number of shifts in a time series},
  journal =      {journal of time series analysis},
  year =     {2000},
  volume =   {21},
  number =   {1},
  pages =    {33--59},
}


@Article{Lavielle:2005,
 author =   {Lavielle, M.},
  title =    {Using penalized contrasts for the change-points problems},
  journal =      {Signal Processing},
  year =     {2005},
  volume =   {85},
  number =   {8},
  pages =    {1501--1510},
}


@Article{Tibshirani:1996,
 author =   {Tibshirani, R.},
  title =    {Regression shrinkage and selection via the Lasso},
  journal =      {journal of the Royal Statistical Society, Series B},
  year =     {1996},
  volume =   {58},
  number =   {1},
  pages =    {267--288},
}


@Article{Yao:1988,
 author =   {Yao, Y.},
  title =    {Estimating the number of change-points via Schwarz criterion},
  journal =      {Statistics and Probability Letters},
  year =     {1988},
  volume =   {6},
  pages =    {181--189},
}

@Article{Fearnhead:2003,
 author =   {Fearnhead, P.  and Clifford, P.},
  title =    {Online inference for well-log data},
  journal =  {J. Royal Statist. Soc. Series B},
  year =     {2003},
  volume =   {65},
  pages =    {887-899},
}

@Misc{Suquet:2007,
author = {Suquet, C.},
title = {Cours de probabilit\'{e}s dans les espaces fonctionnels (in french)},
howpublished = {available online},
year = {2007},
}

@book {McCullagh:1987,
author = {McCullagh, P.},
title = {Tensor methods in statistics},
series = {Monographs on Statistics and Applied Probability},
publisher = {Chapman \& Hall},
address = {London},
year = {1987},
pages = {xvi+285},
}

@article{Li:ShaweTaylor:2006,
author = {Li, Y. and Shawe-Taylor, J.},
 title = {Using KCCA for Japanese---English cross-language information retrieval and document classification},
 journal = {J. Intell. Inf. Syst.},
 volume = {27},
 number = {2},
 year = {2006},
 issn = {0925-9902},
 pages = {117--133},
 doi = {http://dx.doi.org/10.1007/s10844-006-1627-y},
 publisher = {Kluwer Academic Publishers},
 address = {Hingham, MA, USA},
 }

 @article {Ducharme:Ledwina:2003,
    AUTHOR = {Ducharme, G.~R. and Ledwina, T.},
     TITLE = {Efficient and adaptive nonparametric test for the two-sample
              problem},
   JOURNAL = {Ann. Statist.},
  FJOURNAL = {The Annals of Statistics},
    VOLUME = {31},
      YEAR = {2003},
    NUMBER = {6},
     PAGES = {2036--2058},
      ISSN = {0090-5364},
     CODEN = {ASTSC7},
   MRCLASS = {62G10 (62G20)},
  MRNUMBER = {MR2036399 (2005c:62077)},
MRREVIEWER = {S. Rao Jammalamadaka},
}

@article {Mottonen:Oja:Tienari:1997,
    AUTHOR = {M{\"o}tt{\"o}nen, J. and Oja, H. and Tienari, J.},
     TITLE = {On the efficiency of multivariate spatial sign and rank tests},
   JOURNAL = {Ann. Statist.},
  FJOURNAL = {The Annals of Statistics},
    VOLUME = {25},
      YEAR = {1997},
    NUMBER = {2},
     PAGES = {542--552},
      ISSN = {0090-5364},
     CODEN = {ASTSC7},
   MRCLASS = {62G10 (62G20 62H11 62H15)},
  MRNUMBER = {MR1439313 (98a:62060)},
MRREVIEWER = {Margaret P. Gessaman},
}



@book{ golub83matrix,
    author = {Golub, G.~H.  and Van Loan, C.~F.},
    title = {Matrix Computations},
    publisher = {J. Hopkins Univ. Press},
    year = {1996},

}



@article {baringhaus:franz:2004,
    AUTHOR = {Baringhaus, L. and Franz, C.},
     TITLE = {On a new multivariate two-sample test},
   JOURNAL = {J. Multivariate Anal.},
  FJOURNAL = {Journal of Multivariate Analysis},
    VOLUME = {88},
      YEAR = {2004},
    NUMBER = {1},
     PAGES = {190--206},
      ISSN = {0047-259X},
   MRCLASS = {62G09 (62G10 62G20 62H15)},
  MRNUMBER = {MR2021870 (2004i:62092)},
}
%%%%%%%%%%%%%%%%%%%%%%%%%%%Moi test
@article {Lepski&Tsybakov,
    AUTHOR = {Lepski, O.~V. and Tsybakov, A.~B.},
     TITLE = {Asymptotically exact nonparametric hypothesis testing in
              sup-norm and at a fixed point},
   JOURNAL = {Probab. Theory Related Fields},
  FJOURNAL = {Probability Theory and Related Fields},
    VOLUME = {117},
      YEAR = {2000},
    NUMBER = {1},
     PAGES = {17--48},
      ISSN = {0178-8051},
     CODEN = {PTRFEU},
   MRCLASS = {62G10 (62M02)},
  MRNUMBER = {MR1759508 (2001e:62044)},
MRREVIEWER = {Hartmut Milbrodt},
note = {MR{1759508}},
}


@article {Pouet99,
    AUTHOR = {Pouet, C.},
     TITLE = {On testing nonparametric hypotheses for analytic regression
              functions in {G}aussian noise},
   JOURNAL = {Math. Methods Statist.},
  FJOURNAL = {Mathematical Methods of Statistics},
    VOLUME = {8},
      YEAR = {1999},
    NUMBER = {4},
     PAGES = {536--549 (2000)},
      ISSN = {1066-5307},
   MRCLASS = {62G10 (62G08 62G20 62M99)},
  MRNUMBER = {MR1755899 (2001g:62032)},
MRREVIEWER = {Hartmut Milbrodt},
note = {MR{1755899}},
}
	@article {Pouet2001,
    AUTHOR = {Pouet, C.},
     TITLE = {An asymptotically optimal test for a parametric set of
              regression functions against a non-parametric alternative},
   JOURNAL = {J. Statist. Plann. Inference},
  FJOURNAL = {Journal of Statistical Planning and Inference},
    VOLUME = {98},
      YEAR = {2001},
    NUMBER = {1-2},
     PAGES = {177--189},
      ISSN = {0378-3758},
     CODEN = {JSPIDN},
   MRCLASS = {62G10 (60H10 62F05)},
  MRNUMBER = {MR1860233 (2002h:62137)},
}
	

@article {Gayraud&Pouet2001,
    AUTHOR = {Gayraud, G. and Pouet, C.},
     TITLE = {Minimax testing composite null hypotheses in the discrete
              regression scheme},
      NOTE = {Meeting on Mathematical Statistics (Marseille, 2000)},
   JOURNAL = {Math. Methods Statist.},
  FJOURNAL = {Mathematical Methods of Statistics},
    VOLUME = {10},
      YEAR = {2001},
    NUMBER = {4},
     PAGES = {375--394 (2002)},
      ISSN = {1066-5307},
   MRCLASS = {62G10 (62C20 62G07)},
  MRNUMBER = {MR1887339 (2002k:62066)},
}

	@article {Gayraud&Pouet2005,
    AUTHOR = {Gayraud, G. and Pouet, C.},
     TITLE = {Adaptive minimax testing in the discrete regression scheme},
   JOURNAL = {Probab. Theory Related Fields},
  FJOURNAL = {Probability Theory and Related Fields},
    VOLUME = {133},
      YEAR = {2005},
    NUMBER = {4},
     PAGES = {531--558},
      ISSN = {0178-8051},
     CODEN = {PTRFEU},
   MRCLASS = {62G10 (62C20 62G08)},
  MRNUMBER = {MR2197113 (2007a:62034)},
MRREVIEWER = {Ery Arias-Castro},
}
		


	
@article {Audenaert&Nussbaum&Szkola&Verstraete,
    AUTHOR = {Audenaert, K.~M.~R. and Nussbaum, M. and Szkola, A. and Verstraete, F.},
     TITLE = {Asymptotic error rates in quantum hypothesis testing},
   JOURNAL = {Comm. Math. Phys.},
  FJOURNAL = {Communications in Mathematical Physics},
    VOLUME = {279},
      YEAR = {2008},
    NUMBER = {1},
     PAGES = {251--283},
      ISSN = {0010-3616},
     CODEN = {CMPHAY},
   MRCLASS = {81P15 (81P68 94A15)},
  MRNUMBER = {MR2377635},
  note= {MR{2377635}},
}
	
	
	@article{Nussbaum&Szkola,
  Author =	 {Nussbaum, M. and Szkola, A.},
  Journal =	 {arXiv:quant-ph/0607216v1},
  Note =	 {to appear in Ann. Statist.},
  Title =	 {A lower bound of {C}hernoff type for symmetric quantum hypothesis testing},
  Year =	 2008
}


